@ARTICLE{Passenger,
	author = "В. М. Черненький, Ю. Е. Гапанюк",
	title = "МЕТОДИКА ИДЕНТИФИКАЦИИ ПАССАЖИРА ПО УСТАНОВОЧНЫМ ДАННЫМ",
	journal = "Вестник МГТУ им. Н.Э. Баумана. Сер. “Приборостроение”",
	year = {2012},
	volume = {39},
	pages = {31-35}
}

@inbook{Levenshtein,
	author="Левенштейн, В. И.",
	title="Двоичные коды с исправлением выпадений, вставок и замещений символов",
	publisher="-- М.: Доклады АН СССР",
	volume=163,
	chapter=4,
	pages="845--848",
	language="russian",
	year=1965
}

@inbook{PythonBook,
	author="Лутц, Марк",
	title="Изучаем Python, том 1, 5-е изд.",
	publisher="Пер. с англ. — СПб.: ООО “Диалектика”",
	volume=832,
	language="russian",
	year=2019
}

@misc{process_time_text,
	title="time — Time access and conversions [Электронный ресурс]",
	howpublished="Режим доступа: \url{https://docs.python.org/3/library/time.html} (дата обращения: 05.09.2021)"
}

@misc{memory_usage_text,
	title="memory-profiler [Электронный ресурс]",
	howpublished="Режим доступа: \url{https://pypi.org/project/memory-profiler/} (дата обращения: 05.09.2021)"
}

@misc{pycharm,
	title="Python и Pycharm [Электронный ресурс]",
	howpublished="Режим доступа: \url{https://py-charm.blogspot.com/2017/09/pycharm.html} (дата обращения: 05.09.2021)"
}



@misc{manjaro,
	title="Manjaro -- enjoy the simplicity [Электронный ресурс]",
	howpublished="Режим доступа: \url{https://manjaro.org/} (дата обращения: 14.09.2020)"
}

@misc{linux,
	title="Linux -- Википедия [Электронный ресурс]",
	howpublished="Режим доступа: \url{https://ru.wikipedia.org/wiki/Linux} (дата обращения: 14.09.2020)"
}

@misc{intel,
	title="Процессор Intel® Core™ i7-8550U [Электронный ресурс]",
	howpublished="Режим доступа: \url{https://ark.intel.com/content/www/ru/ru/ark/products/122589/intel-core-i7-8550u-processor-8m-cache-up-to-4-00-ghz.html} (дата обращения: 14.09.2020)"
}
