@misc{first_article,
	title="Множество и словарь [Электронный ресурс]",
	howpublished="Режим доступа: \url{https://acm.khpnets.info/w/index.php?title=Множество_и_словарь._Реализация_на_деревьях_поиска} (дата обращения: 28.11.2021)"
}

@misc{kekw,
	title="АЛГОРИТМИЧЕСКИЕ СТРАТЕГИИ [Электронный ресурс]",
	howpublished="Режим доступа: \url{https://portal.tpu.ru/f_ic/files/school/materials/ppt/2.pdf} (дата обращения: 28.11.2021)"
}

@misc{second_article,
	title="Целочисленный двоичный поиск [Электронный ресурс]",
	howpublished="Режим доступа: \url{https://neerc.ifmo.ru/wiki/index.php?title=Целочисленный_двоичный_поиск} (дата обращения: 28.11.2021)"
}


@misc{third_article,
	title="Вставка элемента в отсортированный массив [Электронный ресурс]",
	howpublished="Режим доступа: \url{https://infopedia.su/17x10dd5.html} (дата обращения: 28.11.2021)"
}

@inbook{PythonBook,
	author="Лутц, Марк",
	title="Изучаем Python, том 1, 5-е изд.",
	publisher="Пер. с англ. — СПб.: ООО “Диалектика”",
	volume=832,
	language="russian",
	year=2019
}

@misc{process_time_text,
	title="time — Time access and conversions [Электронный ресурс]",
	howpublished="Режим доступа: \url{https://docs.python.org/3/library/time.html} (дата обращения: 05.09.2021)"
}

@misc{memory_usage_text,
	title="memory-profiler [Электронный ресурс]",
	howpublished="Режим доступа: \url{https://pypi.org/project/memory-profiler/} (дата обращения: 05.09.2021)"
}

@misc{pycharm,
	title="Python и Pycharm [Электронный ресурс]",
	howpublished="Режим доступа: \url{https://py-charm.blogspot.com/2017/09/pycharm.html} (дата обращения: 05.09.2021)"
}



@misc{manjaro,
	title="Manjaro -- enjoy the simplicity [Электронный ресурс]",
	howpublished="Режим доступа: \url{https://manjaro.org/} (дата обращения: 14.09.2020)"
}