@misc{first_article,
	title="Принципы конвейерной технологии [Электронный ресурс]",
	howpublished="Режим доступа: \url{https://www.sites.google.com/site/shoradimon/18-principy-konvejernoj-tehnologii} (дата обращения: 19.10.2021)"
}

@misc{second_article,
	title="Аппаратное ускорение для OpenGL [Электронный ресурс]",
	howpublished="Режим доступа: \url{https://www.osp.ru/os/1997/02/179130} (дата обращения: 19.10.2021)"
}


@misc{third_article,
	title="Стандартизация данных (Data standardization) [Электронный ресурс]",
	howpublished="Режим доступа: \url{https://wiki.loginom.ru/articles/data-standartization.html} (дата обращения: 19.10.2021)"
}

@misc{fourth_article,
	title="Стандартное отклонение [Электронный ресурс]",
	howpublished="Режим доступа: \url{https://www.uznaychtotakoe.ru/standartnoe-otklonenie/} (дата обращения: 19.10.2021)"
}


@misc{CBook,
	title="Thread support library [Электронный ресурс]",
	howpublished="Режим доступа: \url{https://en.cppreference.com/w/cpp/thread} (дата обращения: 20.10.2021)"
}

@misc{CBook2,
	title="Структура systemclock [Электронный ресурс]",
	howpublished="Режим доступа: \url{https://docs.microsoft.com/ru-ru/cpp/standard-library/system-clock-structure?view=msvc-160} (дата обращения: 20.10.2021)"
}
