@inbook{first_book,
	author="Шагбазян Д.В.",
	title="Алгоритмы  сортировки.  Анализ,  реализация,  применение.",
	publisher="Нижний Новгород: Нижегородский госуниверситет",
	volume=42,
	language="russian",
	year=2019
}


@misc{first_article,
	title="Лекция 43: Алгоритмы сортировки массивов. Внутренняя сортировка [Электронный ресурс]",
	howpublished="Режим доступа: \url{https://intuit.ru/studies/courses/648/504/lecture/11472} (дата обращения: 13.09.2021)"
}

@misc{article_insert,
	title="Сортировка вставками [Электронный ресурс]",
	howpublished="Режим доступа: \url{http://cppstudio.com/post/462/} (дата обращения: 13.09.2021)"
}

@misc{shaker_sort,
	title="Алгоритм сортировки перемешиванием [Электронный ресурс]",
	howpublished="Режим доступа: \url{https://space-base.ru/library/algoritm/algoritm-sortirovki-peremeshivaniem-shejkernaya-dvunapravlennaya-puzyirkovaya} (дата обращения: 13.09.2021)"
}


@inbook{PythonBook,
	author="Лутц, Марк",
	title="Изучаем Python, том 1, 5-е изд.",
	publisher="Пер. с англ. — СПб.: ООО “Диалектика”",
	volume=832,
	language="russian",
	year=2019
}

@misc{process_time_text,
	title="time — Time access and conversions [Электронный ресурс]",
	howpublished="Режим доступа: \url{https://docs.python.org/3/library/time.html} (дата обращения: 05.09.2021)"
}


@misc{pycharm,
	title="Python и Pycharm [Электронный ресурс]",
	howpublished="Режим доступа: \url{https://py-charm.blogspot.com/2017/09/pycharm.html} (дата обращения: 05.09.2021)"
}



@misc{manjaro,
	title="Manjaro -- enjoy the simplicity [Электронный ресурс]",
	howpublished="Режим доступа: \url{https://manjaro.org/} (дата обращения: 14.09.2020)"
}

@misc{linux,
	title="Linux -- Википедия [Электронный ресурс]",
	howpublished="Режим доступа: \url{https://ru.wikipedia.org/wiki/Linux} (дата обращения: 14.09.2020)"
}

@misc{intel,
	title="Процессор Intel® Core™ i7-8550U [Электронный ресурс]",
	howpublished="Режим доступа: \url{https://ark.intel.com/content/www/ru/ru/ark/products/122589/intel-core-i7-8550u-processor-8m-cache-up-to-4-00-ghz.html} (дата обращения: 14.09.2020)"
}
