@misc{first_article,
	title="Параллельные вычисления [Электронный ресурс]",
	howpublished="Режим доступа: \url{https://ru.bmstu.wiki/Параллельные_вычисления} (дата обращения: 05.10.2021)"
}

@inbook{trass,
	author="Роджерс, Д.",
	title="Математические основы машинной графики",
	publisher="М.: Мир",
	volume=512,
	language="russian",
	year=1989
}

@misc{article_paral,
	title="Параллельная обработка в алгоритме визуализации с трассировкой лучей. [Электронный ресурс]",
	howpublished="Режим доступа: \url{https://cyberleninka.ru/article/n/parallelnaya-obrabotka-v-algoritmah-vizualizatsii-s-trassirovkoy-luchey} (дата обращения: 05.10.2021)"
}

@misc{CBook,
	title="Краткий обзор языка C#. [Электронный ресурс]",
	howpublished="Режим доступа: \url{https://docs.microsoft.com/ru-ru/dotnet/csharp/tour-of-csharp/} (дата обращения: 06.10.2021)"
}


