@ARTICLE{first_article,
	author = "М. В. Ульянов",
	title = "РЕСУРСНО-ЭФФЕКТИВНЫЕ КОМПЬЮТЕРНЫЕ АЛГОРИТМЫ. РАЗРАБОТКА И АНАЛИЗ",
	journal = "НАУКА
	ФИЗМАТЛИТ",
	year = {2007},
	pages = {201-205}
}

@misc{second_article,
	title="Задача коммивояжера [Электронный ресурс]",
	howpublished="Режим доступа: \url{http://www.math.nsc.ru/LBRT/k5/OR-MMF/TSPr.pdf} (дата обращения: 28.10.2021)"
}


@misc{third_article,
	title="Алгоритмы решения задачи коммивояжера [Электронный ресурс]",
	howpublished="Режим доступа: \url{https://scienceforum.ru/2021/article/2018025171} (дата обращения: 28.10.2021)"
}

@misc{fourth_article,
	title="Стандартное отклонение [Электронный ресурс]",
	howpublished="Режим доступа: \url{https://www.uznaychtotakoe.ru/standartnoe-otklonenie/} (дата обращения: 19.10.2021)"
}


@misc{CBook,
	title="Thread support library [Электронный ресурс]",
	howpublished="Режим доступа: \url{https://en.cppreference.com/w/cpp/thread} (дата обращения: 20.10.2021)"
}

@misc{CBook2,
	title="Структура systemclock [Электронный ресурс]",
	howpublished="Режим доступа: \url{https://docs.microsoft.com/ru-ru/cpp/standard-library/system-clock-structure?view=msvc-160} (дата обращения: 20.10.2021)"
}
